@ARTICLE{surveyOfTextMining,
    author = {Andreas Hotho and Andreas Nürnberger and Gerhard Paaß},
    title = {A brief survey of text mining},
    journal = {LDV Forum - GLDV Journal for Computational Linguistics and Language Technology},
    year = {2005}
}

@inproceedings{KDT,
 author = {Feldman, Ronen and Dagan, Ido},
 title = {Knowledge Discovery in Textual Databases (KDT)},
 booktitle = {Proceedings of the First International Conference on Knowledge Discovery and Data Mining},
 series = {KDD'95},
 year = {1995},
 location = {Montr\'{e}al, Qu\'{e}bec, Canada},
 pages = {112--117},
 numpages = {6},
 url = {http://dl.acm.org/citation.cfm?id=3001335.3001354},
 acmid = {3001354},
 publisher = {AAAI Press},
} 
