@ARTICLE{surveyOfTextMining,
    author = {Andreas Hotho and Andreas Nürnberger and Gerhard Paaß},
    title = {A brief survey of text mining},
    journal = {LDV Forum - GLDV Journal for Computational Linguistics and Language Technology},
    year = {2005}
}

@inproceedings{KDT,
 author = {Feldman, Ronen and Dagan, Ido},
 title = {Knowledge Discovery in Textual Databases (KDT)},
 booktitle = {Proceedings of the First International Conference on Knowledge Discovery and Data Mining},
 series = {KDD'95},
 year = {1995},
 location = {Montr\'{e}al, Qu\'{e}bec, Canada},
 pages = {112--117},
 numpages = {6},
 url = {http://dl.acm.org/citation.cfm?id=3001335.3001354},
 acmid = {3001354},
 publisher = {AAAI Press}
} 

@ARTICLE{semanticWeb,
    author = {T. Berners-Lee and J. Hendler and O. Lassila},
    title = {Semantic web},
    journal = {Scientific American, 1(1):68–88},
    year = {2000}
}

@ARTICLE{manualTagging,
    author = {M. Erdmann and A. Maedche and H.-P. Schnurr and S. Staab},
    title = {From Manual to Semi-automatic Semantic Annotation: About Ontology-based Text Annotation Tools},
    journal = {Scientific American, 1(1):68–88},
    year = {2000}
}

@online{schemaRecipe,
    author        = {Schema.org},
    title         = {Schema.org/Recipe},
    year          = {2016},
    url           = {https://schema.org/Recipe}
}


@inproceedings{ingredientNetworks,
 author = {Teng, Chun-Yuen and Lin, Yu-Ru and Adamic, Lada A.},
 title = {Recipe Recommendation Using Ingredient Networks},
 booktitle = {Proceedings of the 4th Annual ACM Web Science Conference},
 series = {WebSci '12},
 year = {2012},
 isbn = {978-1-4503-1228-8},
 pages = {298--307},
 numpages = {10},
 url = {http://doi.acm.org/10.1145/2380718.2380757},
 doi = {10.1145/2380718.2380757},
 acmid = {2380757},
 publisher = {ACM},
 address = {New York, NY, USA},
 keywords = {ingredient networks, recipe recommendation},
}

@inproceedings{recipeRecommendation,
 author = {Ueda, Mayumi and Takahata, Mari and Nakajima, Shinsuke},
 title = {User's Food Preference Extraction for Personalized Cooking Recipe Recommendation},
 booktitle = {Proceedings of the Second International Conference on Semantic Personalized Information Management: Retrieval and Recommendation - Volume 781},
 series = {SPIM'11},
 year = {2011},
 pages = {98--105},
 numpages = {8},
 url = {http://dl.acm.org/citation.cfm?id=2887675.2887686},
 acmid = {2887686},
 publisher = {CEUR-WS.org},
 address = {Aachen, Germany, Germany},
}

@online{DTA,
    author        = {Deutsches Textarchiv, Berlin-Brandenburgische Akademie der Wissenschaften},
    title         = {Davidis, Henriette: Praktisches Kochbuch für die gewöhnliche und feinere Küche. 4. Aufl. Bielefeld, 1849.},
    year          = {2016},
    url           = {http://www.deutschestextarchiv.de/book/show/davidis_kochbuch_1849}
}

@online{REgutGenug,
    author        = {http://skipthepizza.com/},
    title         = {Skip The Pizza},
    year          = {2016},
    lastchecked   = {2016.10.28},
    url           = {http://skipthepizza.com/blog/analyzing-the-ingredients-of-29200-recipes}
}

@MastersThesis{GrammaBased,
    author		=     {Zeeshan Ahmed},
    title     	=     {Domain Specific Information Extraction for Semantic Annotation},
    school     	=     {Charles University in Prague, Czech Republic and University of Nancy 2 in Nancy, France},
    year     	=     {2009},
    type 		= {Diploma thesis}
}

@inproceedings{CRFPaper,
 author = {Hamon, Thierry and Grabar, Natalia},
 title = {Extraction of Ingredient Names from Recipes by Combining Linguistic Annotations and CRF Selection},
 booktitle = {Proceedings of the 5th International Workshop on Multimedia for Cooking \&\#38; Eating Activities},
 series = {CEA '13},
 year = {2013},
 isbn = {978-1-4503-2392-5},
 location = {Barcelona, Spain},
 pages = {63--68},
 numpages = {6},
 url = {http://doi.acm.org/10.1145/2506023.2506035},
 doi = {10.1145/2506023.2506035},
 acmid = {2506035},
 publisher = {ACM},
 address = {New York, NY, USA},
 keywords = {conditional random fields, indexing, recipes, text mining},
}

@online{CRFZeit,
    author        = {Erica Greene},
    title         = {Extracting Structured Data From Recipes Using Conditional Random Fields},
    year          = {2015},
    url           = {http://open.blogs.nytimes.com/2015/04/09/extracting-structured-data-from-recipes-using-conditional-random-fields/?_r=1},
    publisher	  = {The New York Times}
}

